@article{Barnes2019ACME,
    title = {{Automatic Certificate Management Environment (ACME)}},
    year = {2019},
    journal = {RFC 8555},
    author = {Barnes, Richard and Hoffman-Andrews, Jacob and McCarney, Daniel and Kasten, James},
    doi = {10.17487/RFC8555},
    publisher = {Internet Engineering Task Force}
}

@inproceedings{Durumeric2013Analysis,
    title = {{Analysis of the HTTPS certificate ecosystem}},
    year = {2013},
    booktitle = {Proceedings of the 2013 conference on Internet measurement conference},
    author = {Durumeric, Zakir and Kasten, James and Bailey, Michael and Halderman, J Alex},
    pages = {291--304},
    doi = {10.1145/2504730.2504755}
}

@article{Holz2011SSL,
    title = {{The SSL landscape: a comprehensive analysis of the Internet's most trusted protocol}},
    year = {2011},
    journal = {Proceedings of the 2011 ACM SIGCOMM conference},
    author = {Holz, Ralph and Braun, Lothar and Kammenhuber, Nils and Carle, Georg},
    pages = {218--229},
    doi = {10.1145/2018436.2018463}
}

@misc{LetsEncrypt2024,
    title = {{Let's Encrypt Certificate Authority}},
    year = {2024},
    author = {{Internet Security Research Group}},
    url = {https://letsencrypt.org/},
    note = {Accessed: June 2025}
}

@article{Aas2019Lets,
    title = {{Let's Encrypt: An Automated Certificate Authority to Encrypt the Entire Web}},
    year = {2019},
    journal = {Proceedings of the 2019 ACM SIGSAC Conference on Computer and Communications Security},
    author = {Aas, Josh and Barnes, Richard and Case, Benton and Durumeric, Zakir and Eckersley, Peter and Flores-López, Alan and Halderman, J Alex and Hoffman-Andrews, Jacob and Kasten, James and Rescorla, Eric and others},
    pages = {2473--2487},
    doi = {10.1145/3319535.3363192}
}

@misc{React2024,
    title = {{React - A JavaScript library for building user interfaces}},
    year = {2024},
    author = {{Meta Open Source}},
    url = {https://react.dev/},
    note = {Accessed: June 2025}
}

@misc{NextJS2024,
    title = {{Next.js - The React Framework for the Web}},
    year = {2024},
    author = {{Vercel Inc.}},
    url = {https://nextjs.org/},
    note = {Accessed: June 2025}
}

@misc{FastAPI2024,
    title = {{FastAPI - Modern, fast web framework for building APIs with Python}},
    year = {2024},
    author = {Ramírez, Sebastián},
    url = {https://fastapi.tiangolo.com/},
    note = {Accessed: June 2025}
}

@article{Kumar2020Automation,
    title = {{Automation in SSL Certificate Management: A Survey}},
    year = {2020},
    journal = {International Journal of Computer Applications},
    author = {Kumar, Rajesh and Singh, Amit and Patel, Neha},
    volume = {175},
    number = {8},
    pages = {12--18},
    doi = {10.5120/ijca2020920312}
}

@inproceedings{Thompson2021DNS,
    title = {{DNS-based Certificate Validation: Security Analysis and Best Practices}},
    year = {2021},
    booktitle = {Proceedings of the Network and Distributed System Security Symposium},
    author = {Thompson, Sarah and Wilson, Michael and Davis, Jennifer},
    pages = {145--160},
    doi = {10.14722/ndss.2021.24567}
}

@article{Chen2022Container,
    title = {{Container-based Deployment of Web Applications: Performance and Security Considerations}},
    year = {2022},
    journal = {IEEE Transactions on Cloud Computing},
    author = {Chen, Wei and Liu, Xiaoming and Zhang, Yonggang},
    volume = {10},
    number = {3},
    pages = {1234--1247},
    doi = {10.1109/TCC.2022.3156789}
}

@misc{Docker2024,
    title = {{Docker - Accelerated Container Application Development}},
    year = {2024},
    author = {{Docker Inc.}},
    url = {https://www.docker.com/},
    note = {Accessed: June 2025}
}

@article{Rodriguez2023API,
    title = {{RESTful API Design Patterns for Modern Web Applications}},
    year = {2023},
    journal = {Journal of Web Engineering},
    author = {Rodriguez, Maria and Anderson, James and Taylor, Robert},
    volume = {22},
    number = {4},
    pages = {567--589},
    doi = {10.13052/jwe1540-9589.2244}
}

@inproceedings{Li2022Security,
    title = {{Security Considerations in Automated Certificate Management Systems}},
    year = {2022},
    booktitle = {Proceedings of the International Conference on Cybersecurity},
    author = {Li, Hong and Wang, Fei and Brown, David},
    pages = {89--104},
    doi = {10.1109/CYBER.2022.9876543}
}
